@ARTICLE{SMM,
author = {Said Mad Zain, Misro, Miura},
year = 2021,
title = {Fractional BÃ©zier Cruve with Shape Parameters}
}
